@book{goodfellow2016deep,
  title={Deep learning},
  author={Goodfellow, Ian and Bengio, Yoshua and Courville, Aaron},
  year={2016},
  publisher={MIT press}
}

@article{kemker2018algorithms,
  title={Algorithms for semantic segmentation of multispectral remote sensing imagery using deep learning},
  author={Kemker, Ronald and Salvaggio, Carl and Kanan, Christopher},
  journal={ISPRS Journal of Photogrammetry and Remote Sensing},
  volume={145},
  pages={60--77},
  year={2018},
  publisher={Elsevier}
}

@inproceedings{kampffmeyer2016semantic,
  title={Semantic segmentation of small objects and modeling of uncertainty in urban remote sensing images using deep convolutional neural networks},
  author={Kampffmeyer, Michael and Salberg, Arnt-Borre and Jenssen, Robert},
  booktitle={Proceedings of the IEEE conference on computer vision and pattern recognition workshops},
  pages={1--9},
  year={2016}
}

@inproceedings{hamaguchi2018effective,
  title={Effective use of dilated convolutions for segmenting small object instances in remote sensing imagery},
  author={Hamaguchi, Ryuhei and Fujita, Aito and Nemoto, Keisuke and Imaizumi, Tomoyuki and Hikosaka, Shuhei},
  booktitle={2018 IEEE winter conference on applications of computer vision (WACV)},
  pages={1442--1450},
  year={2018},
  organization={IEEE}
}

@article{xu2018building,
  title={Building extraction in very high resolution remote sensing imagery using deep learning and guided filters},
  author={Xu, Yongyang and Wu, Liang and Xie, Zhong and Chen, Zhanlong},
  journal={Remote Sensing},
  volume={10},
  number={1},
  pages={144},
  year={2018},
  publisher={Multidisciplinary Digital Publishing Institute}
}

@article{lu2018detecting,
  title={Detecting building edges from high spatial resolution remote sensing imagery using richer convolution features network},
  author={Lu, Tingting and Ming, Dongping and Lin, Xiangguo and Hong, Zhaoli and Bai, Xueding and Fang, Ju},
  journal={Remote Sensing},
  volume={10},
  number={9},
  pages={1496},
  year={2018},
  publisher={Multidisciplinary Digital Publishing Institute}
}

@article{liu2018multilevel,
  title={Multilevel building detection framework in remote sensing images based on convolutional neural networks},
  author={Liu, Yibo and Zhang, Zhenxin and Zhong, Ruofei and Chen, Dong and Ke, Yinghai and Peethambaran, Jiju and Chen, Chuqun and Sun, Lan},
  journal={IEEE Journal of Selected Topics in Applied Earth Observations and Remote Sensing},
  volume={11},
  number={10},
  pages={3688--3700},
  year={2018},
  publisher={IEEE}
}

@inproceedings{bragilevsky2017deep,
  title={Deep learning for Amazon satellite image analysis},
  author={Bragilevsky, Lior and Baji{\'c}, Ivan V},
  booktitle={2017 IEEE Pacific Rim Conference on Communications, Computers and Signal Processing (PACRIM)},
  pages={1--5},
  year={2017},
  organization={IEEE}
}

@article{li2017deep,
  title={Deep learning based oil palm tree detection and counting for high-resolution remote sensing images},
  author={Li, Weijia and Fu, Haohuan and Yu, Le and Cracknell, Arthur},
  journal={Remote Sensing},
  volume={9},
  number={1},
  pages={22},
  year={2017},
  publisher={Multidisciplinary Digital Publishing Institute}
}

@article{fassnacht2016review,
  title={Review of studies on tree species classification from remotely sensed data},
  author={Fassnacht, Fabian Ewald and Latifi, Hooman and Stere{\'n}czak, Krzysztof and Modzelewska, Aneta and Lefsky, Michael and Waser, Lars T and Straub, Christoph and Ghosh, Aniruddha},
  journal={Remote Sensing of Environment},
  volume={186},
  pages={64--87},
  year={2016},
  publisher={Elsevier}
}

@inproceedings{puttemans2018comparing,
  title={Comparing boosted cascades to deep learning architectures for fast and robust coconut tree detection in aerial images},
  author={Puttemans, Steven and Van Beeck, Kristof and Goedem{\'e}, Toon},
  booktitle={Proceedings of the 13th international joint conference on computer vision, imaging and computer graphics theory and applications},
  volume={5},
  pages={230--241},
  year={2018}
}

@inproceedings{aparna2018cnn,
  title={CNN based technique for automatic tree counting using very high resolution data},
  author={Aparna, P and Hebbar, Ramachandra and Harshita, MP and Sounder, Harshitha and Nandkishore, K and Vinod, PV},
  booktitle={2018 International Conference on Design Innovations for 3Cs Compute Communicate Control (ICDI3C)},
  pages={127--129},
  year={2018},
  organization={IEEE}
}

@INPROCEEDINGS{8899005,
  author={J. E. {Vargas-Muñoz} and P. {Zhou} and A. X. {Falcão} and D. {Tuia}},
  booktitle={IGARSS 2019 - 2019 IEEE International Geoscience and Remote Sensing Symposium}, 
  title={Interactive Coconut Tree Annotation Using Feature Space Projections}, 
  year={2019},
  volume={},
  number={},
  pages={5718-5721},}