@INPROCEEDINGS{8899005,
  author={J. E. {Vargas-Muñoz} and P. {Zhou} and A. X. {Falc\~{a}o} and D. {Tuia}},
  booktitle={IGARSS 2019 - 2019 IEEE International Geoscience and Remote Sensing Symposium}, 
  title={Interactive Coconut Tree Annotation Using Feature Space Projections}, 
  year={2019},
  volume={},
  number={},
  pages={5718-5721}
}

@article{AngelovNN2020,
title = "Towards explainable deep neural networks (xDNN)",
journal = "Neural Networks",
volume = "130",
pages = "185 - 194",
year = "2020",
issn = "0893-6080",
author = "Plamen Angelov and Eduardo Soares",
}

@inproceedings{aparna2018cnn,
  author={A. {P.} and R. {Hebbar} and H. {M.P.} and H. {Sounder} and N. {K.} and P. V. {Vinod}},
  booktitle={2018 International Conference on Design Innovations for 3Cs Compute Communicate Control (ICDI3C)}, 
  title={CNN Based Technique for Automatic Tree Counting Using Very High Resolution Data}, 
  year={2018},
  volume={},
  number={},
  pages={127-129},
}

@article{arrietaInfoFusion2020,
title = "Explainable Artificial Intelligence (XAI): Concepts, taxonomies, opportunities and challenges toward responsible AI",
journal = "Information Fusion",
volume = "58",
pages = "82 - 115",
year = "2020",
issn = "1566-2535",
}

@inproceedings{bragilevsky2017deep,
  author={L. {Bragilevsky} and I. V. {Bajić}},
  booktitle={2017 IEEE Pacific Rim Conference on Communications, Computers and Signal Processing (PACRIM)}, 
  title={Deep learning for Amazon satellite image analysis}, 
  year={2017},
  volume={},
  number={},
  pages={1-5},
}

@article{fan2008liblinear,
  title={LIBLINEAR: A library for large linear classification},
  author={Fan, Rong-En and Chang, Kai-Wei and Hsieh, Cho-Jui and Wang, Xiang-Rui and Lin, Chih-Jen},
  journal={Journal of machine learning research},
  volume={9},
  number={Aug},
  pages={1871--1874},
  year={2008}
}

@article{fassnacht2016review,
  title={Review of studies on tree species classification from remotely sensed data},
  author={Fassnacht, Fabian Ewald and Latifi, Hooman and Stere{\'n}czak, Krzysztof and Modzelewska, Aneta and Lefsky, Michael and Waser, Lars T and Straub, Christoph and Ghosh, Aniruddha},
  journal={Remote Sensing of Environment},
  volume={186},
  pages={64--87},
  year={2016},
  publisher={Elsevier}
}

@INPROCEEDINGS{GarciaIJCNN2019,
author={R. {Garcia} and A. X. {Falc\~{a}o} and A. C. {Telea} and B. C. {da Silva} and J. {Tørresen} and J. L. {Dihl Comba}},
booktitle={2019 International Joint Conference on Neural Networks (IJCNN)},
title={A Methodology for Neural Network Architectural Tuning Using Activation Occurrence Maps},
year={2019},
volume={},
number={},
pages={1-10},
doi={10.1109/IJCNN.2019.8852223},
ISSN={2161-4393},
month={July},}

@book{goodfellow2016deep,
  title={Deep learning},
  author={Goodfellow, Ian and Bengio, Yoshua and Courville, Aaron},
  year={2016},
  publisher={MIT press}
}

@inproceedings{hamaguchi2018effective,
  title={Effective use of dilated convolutions for segmenting small object instances in remote sensing imagery},
  author={Hamaguchi, Ryuhei and Fujita, Aito and Nemoto, Keisuke and Imaizumi, Tomoyuki and Hikosaka, Shuhei},
  booktitle={2018 IEEE winter conference on applications of computer vision (WACV)},
  pages={1442--1450},
  year={2018},
  organization={IEEE}
}

@inproceedings{kampffmeyer2016semantic,
  title={Semantic segmentation of small objects and modeling of uncertainty in urban remote sensing images using deep convolutional neural networks},
  author={Kampffmeyer, Michael and Salberg, Arnt-Borre and Jenssen, Robert},
  booktitle={Proceedings of the IEEE conference on computer vision and pattern recognition workshops},
  pages={1--9},
  year={2016}
}

@article{kemker2018algorithms,
  title={Algorithms for semantic segmentation of multispectral remote sensing imagery using deep learning},
  author={Kemker, Ronald and Salvaggio, Carl and Kanan, Christopher},
  journal={ISPRS Journal of Photogrammetry and Remote Sensing},
  volume={145},
  pages={60--77},
  year={2018},
  publisher={Elsevier}
}

@article{li2017deep,
  title={Deep learning based oil palm tree detection and counting for high-resolution remote sensing images},
  author={Li, Weijia and Fu, Haohuan and Yu, Le and Cracknell, Arthur},
  journal={Remote Sensing},
  volume={9},
  number={1},
  pages={22},
  year={2017},
  publisher={Multidisciplinary Digital Publishing Institute}
}

@article{liu2018multilevel,
  title={Multilevel building detection framework in remote sensing images based on convolutional neural networks},
  author={Liu, Yibo and Zhang, Zhenxin and Zhong, Ruofei and Chen, Dong and Ke, Yinghai and Peethambaran, Jiju and Chen, Chuqun and Sun, Lan},
  journal={IEEE Journal of Selected Topics in Applied Earth Observations and Remote Sensing},
  volume={11},
  number={10},
  pages={3688--3700},
  year={2018},
  publisher={IEEE}
}

@article{lu2018detecting,
  title={Detecting building edges from high spatial resolution remote sensing imagery using richer convolution features network},
  author={Lu, Tingting and Ming, Dongping and Lin, Xiangguo and Hong, Zhaoli and Bai, Xueding and Fang, Ju},
  journal={Remote Sensing},
  volume={10},
  number={9},
  pages={1496},
  year={2018},
  publisher={Multidisciplinary Digital Publishing Institute}
}

@article{maaten2008visualizing,
  title={Visualizing data using t-SNE},
  author={Maaten, Laurens van der and Hinton, Geoffrey},
  journal={Journal of machine learning research},
  volume={9},
  number={Nov},
  pages={2579--2605},
  year={2008}
}

@inproceedings{puttemans2018comparing,
  title={Comparing boosted cascades to deep learning architectures for fast and robust coconut tree detection in aerial images},
  author={Puttemans, Steven and Van Beeck, Kristof and Goedem{\'e}, Toon},
  booktitle={Proceedings of the 13th international joint conference on computer vision, imaging and computer graphics theory and applications},
  volume={},
  pages={230--241},
  year={2018}
}

@article{rauber2016visualizing,
  title={Visualizing the hidden activity of artificial neural networks},
  author={Rauber, Paulo E and Fadel, Samuel G and Falc{\~{a}}o, Alexandre X and Telea, Alexandru C},
  journal={IEEE transactions on visualization and computer graphics},
  volume={23},
  number={1},
  pages={101--110},
  year={2016},
  publisher={IEEE}
}

@article{RauberInfoVis2018,
author = {Paulo E Rauber and Alexandre X {Falc\~{a}o} and Alexandru C Telea},
title ={Projections as visual aids for classification system design},
journal = {Information Visualization},
volume = {17},
number = {4},
pages = {282-305},
year = {2018},
doi = {10.1177/1473871617713337},
}


@article{scikit-learn,
 title={Scikit-learn: Machine Learning in {P}ython},
 author={Pedregosa, F. and Varoquaux, G. and Gramfort, A. and Michel, V.
         and Thirion, B. and Grisel, O. and Blondel, M. and Prettenhofer, P.
         and Weiss, R. and Dubourg, V. and Vanderplas, J. and Passos, A. and
         Cournapeau, D. and Brucher, M. and Perrot, M. and Duchesnay, E.},
 journal={Journal of Machine Learning Research},
 volume={12},
 pages={2825--2830},
 year={2011}
}

@article{simonyan2014very,
  title={Very deep convolutional networks for large-scale image recognition},
  author={Simonyan, Karen and Zisserman, Andrew},
  journal={arXiv preprint arXiv:1409.1556},
  year={2014}
}


@article{sofiiuk2020f,
  title={f-BRS: Rethinking Backpropagating Refinement for Interactive Segmentation},
  author={Sofiiuk, Konstantin and Petrov, Ilia and Barinova, Olga and Konushin, Anton},
  journal={arXiv preprint arXiv:2001.10331},
  year={2020}
}

@InProceedings{SofiiukCVPR2020,
author = {Sofiiuk, Konstantin and Petrov, Ilia and Barinova, Olga and Konushin, Anton},
title = {F-BRS: Rethinking Backpropagating Refinement for Interactive Segmentation},
booktitle = {Proceedings of the IEEE/CVF Conference on Computer Vision and Pattern Recognition (CVPR)},
month = {June},
year = {2020}
}

@ARTICLE{SpinnerTVCG2020,

  author={T. {Spinner} and U. {Schlegel} and H. {Schäfer} and M. {El-Assady}},

  journal={IEEE Transactions on Visualization and Computer Graphics}, 

  title={explAIner: A Visual Analytics Framework for Interactive and Explainable Machine Learning}, 

  year={2020},

  volume={26},

  number={1},

  pages={1064-1074},}

@article{xu2018building,
  title={Building extraction in very high resolution remote sensing imagery using deep learning and guided filters},
  author={Xu, Yongyang and Wu, Liang and Xie, Zhong and Chen, Zhanlong},
  journal={Remote Sensing},
  volume={10},
  number={1},
  pages={144},
  year={2018},
  publisher={Multidisciplinary Digital Publishing Institute}
} 